%(inizio introduzione)
@article{caddlg,
    author = "Governo",
    title = "Codice dell'amministrazione digitale",
    journal = "Gazzetta Ufficiale",
    volume = "112",
    year = "2005",
    note = "Disponibile presso: \url{http://www.gazzettaufficiale.it/sommario/codici/amministrazioneDigitale}"
}
%
@book{whtpaperdema,
    author = "Massella Enrica, Maurizio Gentilini e Mauro Draoli",
    title = "La dematerializzazione della documentazione amministrativa",
    publisher = "CNIPA",
    year = "2006",
    note = "Gruppo di Lavoro per la dematerializzazione della documentazione tramite supporto digitale. Disponibile presso: \url{http://www.agid.gov.it/sites/default/files/documenti_indirizzo/libro_bianco_dematerializzazione.pdf}"
}
%(fine introduzione - inizio sanità)
@article{ normaFSE,
    author = "Governo",
    title = "Attuazione  dell'Agenda  digitale  italiana",
    journal = "Gazzetta Ufficiale",
    volume = "221",
    year = "2012",
    note = "Disponibile presso: \url{http://www.gazzettaufficiale.it/atto/serie_generale/caricaDettaglioAtto/originario?atto.dataPubblicazioneGazzetta=2012-12-18&atto.codiceRedazionale=12A13277}"
}
%
@book{garante,
    author = "Garante della Privacy",
    title = "Linee guida in tema di Fascicolo sanitario elettronico (Fse) e di dossier sanitario",
    year = "2009",
    url = "http://www.garanteprivacy.it/garante/doc.jsp?ID=1634116"
}
%
@book{decretofare,
	author = "Consiglio dei Ministri",
    title = "Disposizioni urgenti per il rilancio dell'economia",
    journal = "Gazzetta Ufficiale",
    volume = "69",
    year = "2013",
    url = "Disponibile presso: \url{http://www.gazzettaufficiale.it/eli/id/2013/06/21/13G00116/sg}"
}
%
@book{dpcmfse,
	author = "Consiglio dei Ministri",
    title ="Regolamento in materia di fascicolo sanitario elettronico",
    year = "2015",
    url = "http://www.gazzettaufficiale.it/eli/id/2015/11/11/15G00192/sg"
}
%
@book{agendadigitale,
	author = "Consiglio dei Ministri",
    title = "Agenda e identità digitale. Misure urgenti per la crescita del paese",
    year = "2015",
    url = "http://www.gazzettaufficiale.it/atto/serie_generale/caricaDettaglioAtto/originario?atto.dataPubblicazioneGazzetta=2012-12-18&atto.codiceRedazionale=12A13277"
}
%
@article{drmarche,
    author = "Giunta Regionale Marche",
    title = "Approvazione del protocollo d'intesa per l'avvio della dematerializzazione della ricetta cartacea",
    year = "2014",
    url = "http://www.cer-sas.it/fpdb/ricetta%20elettronica%20protocollo%20intesa%20DGR0677_14.pdf"
}
% (fine sanità - inizio bitcoin)
@booklet{bitcoin,
    author = "Satoshi Nakamoto",
    title = "Bitcoin: A Peer-to-Peer Electronic Cash System",
    year = "2008",
    note = "Disponibile presso: \url{https://bitcoin.org/bitcoin.pdf}"
}
%
@misc{website:hyperledger,
    author = "Linux Foundation",
    title = "Blockchain for Business",
    year = "2015",
    note = "Disponibile presso: \url{https://www.hyperledger.org}"
}
%
@manual{gem,
    author = "Gem Health",
    title = "Gem Health for exchanging health data",
    year = "2014",
    note = "Disponibile presso: \url{https://gem.co/health/}"
}
%
@misc{merkle,
    author = "Georg Becker and Ruhr-universität Bochum",
    title = "Merkle Signature Schemes, Merkle Trees and Their Cryptanalysis",
    year = "2008",
    note = "Disponibile presso: \url{http://www.emsec.rub.de/media/crypto/attachments/files/2011/04/becker_1.pdf}"
}
%
@manual{raft,
    author = "Diego Ongaro, John Ousterhout",
    title = "In Search of an Understandable Consensus Algorithm",
    year = "2014",
    note = "Disponibile presso: \url{https://raft.github.io/raft.pdf}"
}
%
@manual{juno,
    author = "Juno",
    title = "Juno Conseus Algorithm",
    year = "2014",
    note = "Disponibile presso: \url{http://kadena.io/docs/Kadena-ConsensusWhitePaper-Aug2016.pdf}"
}
%(fine blockchain - inizio Ethereum)
@article{eth,
    author = "Gavin Wood",
    title = "Ethereum: A Secure Decentralised Generalised Transaction Ledger",
    journal = "Cryptopapers",
    year = "2014",
    note = "Disponibile presso: \url{http://gavwood.com/paper.pdf}"
}
%
@manual{dh,
    author = "Ethereum",
    title = "Ethash",
    organization = "Ethereum",
    year = "2016",
    note = "Disponibile presso \url{https://github.com/ethereum/wiki/wiki/Ethash}"    
}
%(fine ethereum - inizio Quorum)
@article{pbft,
    author = "Miguel Castro, Barbara Liskov",
    title = "Practical Byzantine Fault Tolerance",
    year = "1999",
    journal = "Proceedings of the Third Symposium on Operating Systems Design and Implementation",
    note = "Disponibile presso \url{http://pmg.csail.mit.edu/papers/osdi99.pdf}"
}
%
@misc{website:quorum,
    author = "J. P. Morgan",
    title = "Quorum Project",
    year = "2015",
    note = "Disponibile presso: \url{https://www.jpmorgan.com/global/Quorum}"
}
%
@article{pgp,
    author = "Philip Zimmermann",
    title = "Pretty good privacy: public key encryption for the masses",
    year = "1999",
    journal = "Building in big brother",
    url = "http://www.philzimmermann.com/EN/essays/WhyIWrotePGP.html"
}
%
@article{nacl,
    author = " Daniel J. Bernstein",
    title = "The security impact of a new cryptographic library",
    journal = {Academia Road},
    volume = {128},
    year = "2012",
    note = "Disponibile presso \url{https://cr.yp.to/highspeed/coolnacl-20120725.pdf}"
}
%(fine quorum - inizio strumenti)
